@misc
{PLUTO:1,
title = "Pluto: The non planet",
author = "NASA",
note = "Probably true facts",   
year = 2022,
howpublished = "\url{https://solarsystem.nasa.gov/planets/dwarf-planets/pluto/overview/}"}